%%
%%   This file is part of ICTP RegCM.
%%
%%   ICTP RegCM is free software: you can redistribute it and/or modify
%%   it under the terms of the GNU General Public License as published by
%%   the Free Software Foundation, either version 3 of the License, or
%%   (at your option) any later version.
%%
%%   ICTP RegCM is distributed in the hope that it will be useful,
%%   but WITHOUT ANY WARRANTY; without even the implied warranty of
%%   MERCHANTABILITY or FITNESS FOR A PARTICULAR PURPOSE.  See the
%%   GNU General Public License for more details.
%%
%%   You should have received a copy of the GNU General Public License
%%   along with ICTP RegCM.  If not, see <http://www.gnu.org/licenses/>.
%%

@Article{CFL,
  author = {R. Courant, K. Friedrichs and H. Lewy},
  title  = {\"Uber die partiellen Differenzengleichungen der mathematischen
    Physik},
  journal = {Mathematische Annalen}, 
  volume = {100},
  number = {1},
  pages = {32â€“74},
  year = {1928}
}

@Article{Rew_90,
  author = {Rew, R. K. and Davis, G. P.},
  title = {NetCDF: An Interface for Scientific Data Access},
  journal = {IEEE Computer Graphics and Applications},
  volume = {10},
  number = {4},
  pages = {76-82},
  month = {July},
  year = {1990},
}

@TechReport{refman_11,
  author = 	 {Giorgi, Filippo},
  title = 	 {RegCM Version 4.1 Reference Manual},
  institution =  {ICTP Trieste},
  year = 	 {2011},
  key = 	 {},
  type = 	 {},
  number = 	 {},
  address = 	 {},
  month = 	 {06},
  note = 	 {},
  annote = 	 {}
}

@Article{tao_ense,
  author = {{O'Brien}, T.~A. and {Sloan}, L.~C. and {Snyder}, M.~A.},
  title = "{Can ensembles of regional climate model simulations improve results from sensitivity studies?}",
  journal = {Climate Dynamics},
  keywords = {Regional climate model, Ensemble, Intrinsic variability, Sensitivity study},
  year = 2011,
  month = sep,
  volume = 37,
  pages = {1111-1118},
  doi = {10.1007/s00382-010-0900-5},
  adsurl = {http://adsabs.harvard.edu/abs/2011ClDy...37.1111O},
  adsnote = {Provided by the SAO/NASA Astrophysics Data System}
}
