%%
%%   This file is part of ICTP RegCM.
%%
%%   ICTP RegCM is free software: you can redistribute it and/or modify
%%   it under the terms of the GNU General Public License as published by
%%   the Free Software Foundation, either version 3 of the License, or
%%   (at your option) any later version.
%%
%%   ICTP RegCM is distributed in the hope that it will be useful,
%%   but WITHOUT ANY WARRANTY; without even the implied warranty of
%%   MERCHANTABILITY or FITNESS FOR A PARTICULAR PURPOSE.  See the
%%   GNU General Public License for more details.
%%                                                                              
%%   You should have received a copy of the GNU General Public License          
%%   along with ICTP RegCM.  If not, see <http://www.gnu.org/licenses/>.        
%%

@TechReport{dlpolymanual,
  author      = {Smith, W., Forester, T.R.},
  title       = {The DlPoly 2.0 User Manual},
  institution = {CCLRC, Daresbury Laboratory, Daresbury, Warrington WA4 4AD, England},
  year        = 1995
}

@InBook{Brainerd,
  author      = {W.~S. Brainerd, C.~H. Goldberg, J.~C. Adams.},
  title       = {Programmer's guide to Fortran 90},
  publisher   = {McGraw-Hill, New York, NY},
  edition     = {1st},
  year        = 1990
}


@InBook{Metcalf,
  author      = {M.~Metcalf, J.~Reid},
  title       = {Fortran 90 explained},
  publisher   = {Oxford University Press, Oxford, UK},
  edition     = {1st},
  year        = 1990
}

@InBook{Kerrigan,
  author      = {J.~F. Kerrigan},
  title       = {Migrating to Fortran 90},
  publisher   = {O'Reilly, Sebastopol, CA},
  edition     = {1st},
  year        = 1993
}

@InBook{allentildesley,
  author      = {M.P.Allen e D.J.Tildesley},
  title       = {Computer simulation of liquids},
  publisher   = {Clarendon Press, Oxford},
  year        = 1987
}

@Article{shake,
  author      = {Ciccotti, G., Ryckaert, J.P.},
  title       = {},
  journal     = {Comp.Phys.Rep.},
  year        = 1986,
  volume      = 4,
  pages       = 345
}

@Article{rdshake,
  author      = {Smith, W., Forester, T.R.},
  title       = {},
  journal     = {Comput.Phys.Commun.},
  year        = 1994,
  volume      = 79,
  pages       = 63
}

@Article{mttk,
  author      = {Martyna, J.G., Tuckerman, M.E., Tobias, D.J., Klein, M.L.},
  title       = {},
  journal     = {Mol.Phys.},
  year        = 1996,
  volume      = 87,
  pages       = 1117
}

@Article{npt,
  author      = {Melchionna, S., Ciccotti, G., Holian, B.L.},
  title       = {},
  journal     = {Mol.Phys.},
  year        = 1993,
  volume      = 78,
  pages       = 533
}

@Article{melchcicc,
  author      = {Melchionna, S., Ciccotti, G.},
  title       = {},
  journal     = {J.Chem.Phys.},
  year        = 1997,
  volume      = 106,
  pages       = 195
}

@Article{marchiprocacci,
  author      = {Procacci, P., Marchi, M.},
  title       = {},
  journal     = {J.Chem.Phys.},
  year        = 1996,
  volume      = 104,
  pages       = 3003
}


@Article{darden,
  author      = {Essmann, U., Perera, L., Berkowitz, M.L., Darden, T., Lee, H., Pedersen, L.G.},
  title       = {},
  journal     = {J.Chem.Phys.},
  year        = 1995,
  volume      = 103,
  pages       = 8577
}

@Article{smith-fincham,
  author      = {Smith, W., Fincham, D.},
  title       = {},
  journal     = {Mol.Sim.},
  year        = 1993,
  volume      = 10,
  pages       = 67
}

@InBook{Stroustrup,
  author      = {B. Stroustrup},
  title       = {The C++ programming language},
  publisher   = {Addison-Wesley, Reading, MA},
  edition     = {2},
  year        = 1991
}

@Misc{oof90_web,
  author       = {C. D. Norton, V. K. Decyk, B. K. Szymanski},
  title        = {High Performance Object-Oriented Programming in Fortran 90},
  howpublished = {Internet Web Pages, http://www.cs.rpi.edu/~szymansk/oof90.html},
  month        = {October},
  year         = 1996
}
